@misc{FFInterviews,
    title = {Freifunk Interview Notes},
    note = {\url{https://github.com/lusy/hausarbeiten/blob/master/motivFossCn/ff\_umfrage}}
}

@article{HarOu2002,
    author = {Hars, Alexander and Ou, Shaosong},
    title = {Working for Free? Motivations for Participating in Open-Source Projects},
    journal = {Int. J. Electron. Commerce},
    volume = {6},
    number = {3},
    month = apr,
    year = {2002},
    pages = {25--39},
    publisher = {M. E. Sharpe, Inc.},
    address = {Armonk, NY, USA}
}

@inbook{LakWo2005,
    author = {Karim Lakhani and Robert Wolf},
    title = {Why Hackers Do What They Do: Understanding Motivation and Effort in Free/Open Source Software Projects.},
    booktitle = {Perspectives on Free and Open Source Software},
    editor = {Joesph Feller and Brian Fitzgerald and Scott Hissam and Karim Lakhani},
    year = {2005},
    publisher = {MIT Press},
    address = {Cambridge}
}

@misc{Mabb2014,
    title = {Wlan f√ºr alle: Freie Funknetze in der Praxis},
    publisher = {Medienanstalt Berlin Brandenburg},
    year = {2014},
    key = {Mabb},
    note = {\url{http://mabb.de/files/content/document/Publikationen/Freifunk-Broschuere/freifunk_publikation_webversion.pdf}}
}

@book{Medosch2004,
  title = {Freie Netze: Geschichte, Politik und Kultur offener WLAN-Netze},
  author = {Medosch, Armin},
  year = {2004},
  publisher = {Verlag Heinz Heise}
}

@article{RyDe2000,
    author = {Ryan, Richard M. and Deci, Edward L.},
    title = {Intrinsic and Extrinsic Motivations: Classic Definitions and New Directions},
    journal = {Contemporary Educational Psychology},
    volume = {25},
    pages = {54--67},
    year = {2000}
}

@book{WNDW2013,
    title = {Wireless Networking in the Developing World},
    editor = {Butler, Jane},
    month = {February},
    year = {2013},
    edition = {3rd},
    note = {\url{http://wndw.net/license.html}}
}

@misc{ffweb,
    title = {Freifunk's vision},
    url = {https://freifunk.net/en/what-is-it-about/our-vision/},
    note = {\url{https://freifunk.net/en/what-is-it-about/our-vision/} [accessed on 22 of march 2016]}
}

@misc{gnuweb,
    title = {Free Software Philosophy},
    note = {\url{https://www.gnu.org/philosophy/free-sw.html} [accessed on 23 of march 2016]}
}
